@ELECTRONIC{kaggle,
    title= {UFO Sightings},
    howpublished = {Kaggle},
    url = {https://www.kaggle.com/NUFORC/ufo-sightings},
    }

@Book{dawaSlide,
  TITLE = {DWH Introduction and Recapitulating SQL},
  SUBTITLE = {CRISP-DM: CRoss Industry Standard Process for Data Mining},
  AUTHOR = {Prof. Dr. Markus Goldstein},
  YEAR = {2019}
}
